% Encoding: UTF-8

@TechReport{McCarthy2007,
  author      = {John McCarthy},
  title       = {What Is Artificial Intelligence?},
  institution = {Stanford University},
  year        = {2007},
}

@Comment{jabref-meta: databaseType:biblatex;}
