% Encoding: UTF-8

@TechReport{McCarthy2007,
  author      = {John McCarthy},
  title       = {What Is Artificial Intelligence?},
  institution = {Stanford University},
  year        = {2007},
}

@TechReport{Teich2018,
  author      = {Teich, David A. and Teich, Paul R.},
  title       = {PLASTER: A Framework for Deep Learning Performance},
  institution = {TIRIAS Research},
  year        = {2018},
}

@Book{Mitchell1997,
  author    = {Mitchell, Thomas},
  title     = {Machine Learning (McGraw-Hill Series in Computer Science)},
  year      = {1997},
  publisher = {McGraw-Hill Education},
}

@Article{Androutsopoulos2000,
  author    = {Ion Androutsopoulos and Georgios Paliouras and Vangelis Karkaletsis and Georgios Sakkis and Constantine D. Spyropoulos and Panagiotis Stamatopoulos},
  title     = {Learning to Filter Spam E-Mail: {A} Comparison of a Naive Bayesian and a Memory-Based Approach},
  journal   = {CoRR},
  year      = {2000},
  volume    = {cs.CL/0009009},
  url       = {http://arxiv.org/abs/cs.CL/0009009},
  bibsource = {dblp computer science bibliography, https://dblp.org},
  biburl    = {https://dblp.org/rec/bib/journals/corr/cs-CL-0009009},
  timestamp = {Mon, 13 Aug 2018 16:46:31 +0200},
}

@Article{lekakos2008hybrid,
  author    = {Lekakos, George and Caravelas, Petros},
  title     = {A hybrid approach for movie recommendation},
  journal   = {Multimedia tools and applications},
  year      = {2008},
  volume    = {36},
  number    = {1-2},
  pages     = {55--70},
  publisher = {Springer},
}

@WWW{siri,
  title = {Siri - Apple},
  url   = {https://www.apple.com/siri/},
}

@Comment{jabref-meta: databaseType:biblatex;}
