% Encoding: UTF-8

@TechReport{McCarthy2007,
  author      = {John McCarthy},
  title       = {What Is Artificial Intelligence?},
  institution = {Stanford University},
  year        = {2007},
}

@TechReport{Teich2018,
  author      = {Teich, David A. and Teich, Paul R.},
  title       = {PLASTER: A Framework for Deep Learning Performance},
  institution = {TIRIAS Research},
  year        = {2018},
}

@Book{Mitchell1997,
  author    = {Mitchell, Thomas},
  title     = {Machine Learning (McGraw-Hill Series in Computer Science)},
  year      = {1997},
  publisher = {McGraw-Hill Education},
}

@Article{Androutsopoulos2000,
  author    = {Ion Androutsopoulos and Georgios Paliouras and Vangelis Karkaletsis and Georgios Sakkis and Constantine D. Spyropoulos and Panagiotis Stamatopoulos},
  title     = {Learning to Filter Spam E-Mail: {A} Comparison of a Naive Bayesian and a Memory-Based Approach},
  journal   = {CoRR},
  year      = {2000},
  volume    = {cs.CL/0009009},
  url       = {http://arxiv.org/abs/cs.CL/0009009},
  bibsource = {dblp computer science bibliography, https://dblp.org},
  biburl    = {https://dblp.org/rec/bib/journals/corr/cs-CL-0009009},
  timestamp = {Mon, 13 Aug 2018 16:46:31 +0200},
}

@Article{lekakos2008hybrid,
  author    = {Lekakos, George and Caravelas, Petros},
  title     = {A hybrid approach for movie recommendation},
  journal   = {Multimedia tools and applications},
  year      = {2008},
  volume    = {36},
  number    = {1-2},
  pages     = {55--70},
  publisher = {Springer},
}

@WWW{siri,
  title = {Siri - Apple},
  url   = {https://www.apple.com/siri/},
}

@inproceedings{Clipper,
  author = {Crankshaw, Daniel and Wang, Xin and Zhou, Giulio and Franklin, Michael J. and Gonzalez, Joseph E. and Stoica, Ion},
  title = {Clipper: A Low-Latency Online Prediction Serving System},
  year = {2017},
  isbn = {9781931971379},
  publisher = {USENIX Association},
  address = {USA},
  booktitle = {Proceedings of the 14th USENIX Conference on Networked Systems Design and Implementation},
  pages = {613–627},
  numpages = {15},
  location = {Boston, MA, USA},
  series = {NSDI’17}
}

@inproceedings{GrandSLAm,
  author = {Kannan, Ram Srivatsa and Subramanian, Lavanya and Raju, Ashwin and Ahn, Jeongseob and Mars, Jason and Tang, Lingjia},
  title = {GrandSLAm: Guaranteeing SLAs for Jobs in Microservices Execution Frameworks},
  year = {2019},
  isbn = {9781450362818},
  publisher = {Association for Computing Machinery},
  address = {New York, NY, USA},
  url = {https://doi.org/10.1145/3302424.3303958},
  doi = {10.1145/3302424.3303958},
  booktitle = {Proceedings of the Fourteenth EuroSys Conference 2019},
  articleno = {Article 34},
  numpages = {16},
  keywords = {Systems and Machine Learning, Microservice},
  location = {Dresden, Germany},
  series = {EuroSys ’19}
}

@article{InferLine,
  author    = {Daniel Crankshaw and
               Gur{-}Eyal Sela and
               Corey Zumar and
               Xiangxi Mo and
               Joseph E. Gonzalez and
               Ion Stoica and
               Alexey Tumanov},
  title     = {InferLine: {ML} Inference Pipeline Composition Framework},
  journal   = {CoRR},
  volume    = {abs/1812.01776},
  year      = {2018},
  url       = {http://arxiv.org/abs/1812.01776},
  archivePrefix = {arXiv},
  eprint    = {1812.01776},
  timestamp = {Tue, 01 Jan 2019 15:01:25 +0100},
  biburl    = {https://dblp.org/rec/journals/corr/abs-1812-01776.bib},
  bibsource = {dblp computer science bibliography, https://dblp.org}
}

@inproceedings{Mesos,
  author = {Hindman, Benjamin and Konwinski, Andy and Zaharia, Matei and Ghodsi, Ali and Joseph, Anthony D. and Katz, Randy and Shenker, Scott and Stoica, Ion},
  title = {Mesos: A Platform for Fine-Grained Resource Sharing in the Data Center},
  year = {2011},
  publisher = {USENIX Association},
  address = {USA},
  booktitle = {Proceedings of the 8th USENIX Conference on Networked Systems Design and Implementation},
  pages = {295–308},
  numpages = {14},
  location = {Boston, MA},
  series = {NSDI’11}
}

@article{YOLOv3,
  author = {Redmon, Joseph and Farhadi, Ali},
  year = {2018},
  month = {04},
  title = {YOLOv3: An Incremental Improvement}
}

@misc{OpenALPR,
  author = {OpenALPR},
  title = {OpenALPR 2.3.0},
  year = {2016},
  publisher = {GitHub},
  journal = {GitHub repository},
  howpublished = {\url{https://github.com/openalpr/openalpr}}
}

@misc{gRPC,
  author = {gRPC},
  title = {gRPC 1.28.1},
  year = {2020},
  publisher = {GitHub},
  journal = {GitHub repository},
  howpublished = {\url{https://github.com/grpc/grpc}}
}

@misc{Docker,
  author = {Docker},
  title = {Docker},
  year = {2020},
  publisher = {Docker},
  journal = {Docker},
  howpublished = {\url{https://www.docker.com/products/container-runtime}}
}

@misc{ProtocolBuffers,
  author = {Google},
  title = {protobuf 3.11.4},
  year = {2020},
  publisher = {GitHub},
  journal = {GitHub repository},
  howpublished = {\url{https://github.com/protocolbuffers/protobuf}}
}

@misc{SourceCode,
  author = {Waqas Ali},
  title = {Serving AI using a Distributed Architecture},
  year = {2020},
  publisher = {GitHub},
  journal = {GitHub repository},
  howpublished = {\url{https://github.com/WaqasAliAbbasi/HKU-FYP}}
}

@misc{Terraform,
  author = {HashiCorp},
  title = {Terraform},
  year = {2020},
  publisher = {HashiCorp},
  journal = {Terraform},
  howpublished = {\url{https://www.terraform.io/}}
}

@Comment{jabref-meta: databaseType:biblatex;}
